% verschiedene Beispiele f√ºr Quellen

@book{book:eckert,
  title={IT-Sicherheit: Konzepte - Verfahren - Protokolle},
  author={Eckert, C.},
  isbn={9783486859164},
  series={De Gruyter Studium},
  year={2014},
  publisher={De Gruyter}
}

@online{www:SOAP,
  author = "{W3C}",
  organization = {World Wide Web Consortium},
  title = {Simple Object Access Protocol (SOAP) 1.1},
  year = {2010},
  url = {https://www.w3.org/TR/2000/NOTE-SOAP-20000508/},
  urldate = {2016-03-07}
}

@techreport{tech:rfc6960,
  author = {S. Santesson and M. Myers and R. Ankney and A. Malpani and S. Galperin and C. Adams},
  shorthand = {RFC6960},
  title = {X.509 Internet Public Key Infrastructure Online Certificate Status Protocol - OCSP},
  howpublished = {Internet Requests for Comments},
  type = {RFC},
  number = {6960},
  year = {2013},
  month = {6},
  issn = {2070-1721},
  publisher = {RFC Editor},
  institution = {RFC Editor},
  url = {http://www.rfc-editor.org/rfc/rfc6960.txt},
  note = {\url{http://www.rfc-editor.org/rfc/rfc6960.txt}},
}

@online{pouch:adapters,
	title = {Adapters},
	author = {PouchDB},
	url = {https://pouchdb.com/adapters.html},
	urldate = {2016-12-04}
}

@online{pouch:replication,
	title = {Replication},
	author = {PouchDB},
	url = {https://pouchdb.com/guides/replication.html},
	urldate = {2016-12-28}
}

@online{html5:quota,
	title = {Working with quota on mobile browsers},
	author = {Kitamura, E.},
	url = {https://www.html5rocks.com/en/tutorials/offline/quota-research/},
	urldate = {2017-01-02},
	year = {2014}
}

@online{pouch:api,
	title = {API Reference},
	author = {PouchDB},
	url = {https://pouchdb.com/api.html},
	urldate = {2017-01-03}
}

@online{pouch:intro,
	title = {Introduction to PouchDB},
	author = {PouchDB},
	url = {https://pouchdb.com/guides/},
	urldate = {2017-01-03}
}
